@ARTICLE{ lspi ,
   AUTHOR  = {Michail G. Lagoudakis and Ronald Parr},
   TITLE   = {Least-Squares Policy Iteration},  
   YEAR    = {2003},
   JOURNAL = {Journal of Machine Learning Research},
   VOLUME  = {4},
   PAGES   = {1107-1149}
},

@BOOK{ norvig ,
    AUTHOR      = {Stuart Russell and Peter Norvig},
    TITLE       = {Artificial Intelligence, A Modern Approach},
    PUBLISHER   = {Prentice Hall},
    YEAR        = {2003},
    EDITION     = {2},
    ADDRESS     = {Upper Saddle River, NJ}
},

@ARTICLE{ q3bot ,
   AUTHOR  = {J.M.P. van Waveren},
   TITLE   = {The Quake III Arena Bot},  
   YEAR    = {2001}
},

@ARTICLE{ olpomdp ,
    AUTHOR  = {Jonathan Baxter, Peter L. Bartlett, and Lex Weaver},
    TITLE   = {Experiments with Infinite-Horizon, Policy-Gradient Estimation},
    YEAR    = {2001},
    JOURNAL = {Journal of Artificial Intelligence Research},
    VOLUME  = {15},
    PAGES   = {351-381}
},

@BOOK{ bishop ,
    AUTHOR      = {Christopher M. Bishop},
    TITLE       = {Pattern Recognition and Machine Learning},
    PUBLISHER   = {Springer Science},
    YEAR        = {2006},
    ADDRESS     = {New York, NY}
},

@ARTICLE{ pacman ,
    AUTHOR      = {Chad Birch},
    TITLE       = {Understanding Pac-Man Ghost Behavior},
    YEAR        = {2010},
    JOURNAL     = {GameInternals},
    URL         = {http://gameinternals.com/post/2072558330/understanding-pac-man-ghost-behavior}
}